<?xml version="1.0" encoding="UTF-8"?><collection xmlns="http://www.loc.gov/MARC21/slim"><record><leader>00333nam--2200121-i-4500</leader><controlfield tag="001">000026443</controlfield><controlfield tag="002">20161230</controlfield><controlfield tag="005">20161230201036</controlfield><controlfield tag="008">060222s1000------------r-----000-0-eng-d</controlfield><datafield ind1=" " ind2=" " tag="100"><subfield code="a">Kaufman, A.B., Gardner, L.B</subfield></datafield><datafield ind1=" " ind2=" " tag="245"><subfield code="a">Semiconductors in a hypernuclear environment</subfield></datafield><datafield ind1=" " ind2=" " tag="260"><subfield code="a">Wooland, Litton Systems, Inc., 1961, 52p</subfield></datafield><datafield ind1=" " ind2=" " tag="852"><subfield code="a">16635</subfield></datafield></record></collection>